@ARTICLE{2005ApJ...631.1227H,
   author = {{Hesse}, M. and {Forbes}, T.~G. and {Birn}, J.},
    title = "{On the Relation between Reconnected Magnetic Flux and Parallel Electric Fields in the Solar Corona}",
  journal = {Astrophys. J.},
 keywords = {Magnetohydrodynamics: MHD, Sun: Corona, Sun: Magnetic Fields},
     year = 2005,
    month = oct,
   volume = 631,
    pages = {1227-1238},
      doi = {10.1086/432677},
   adsurl = {http://adsabs.harvard.edu/abs/2005ApJ...631.1227H},
  adsnote = {Provided by the SAO/NASA Astrophysics Data System}
}

@ARTICLE{yeates2018,
   author = {{Yeates}, A.~R. and {Page}, M.~H},
    title = "{Relative field-line helicity in bounded domains}",
  journal = {J. Plama Phys.},
     year = {2018},
     volume = 84,
     pages = {775840602},
     url = {https://arxiv.org/abs/1811.02306}
}

